@ARTICLE{29119, 
journal={ISO/IEC/IEEE 29119-1:2013(E)}, 
title={Software and systems engineering -- Software testing Part 1:Concepts and definitions}, 
year={2013}, 
pages={1--64}, 
}

@article {Yoo12,
author = {Yoo, S. and Harman, M.},
title = {Regression testing minimization, selection and prioritization: A survey},
journal = {Software Testing, Verification and Reliability},
volume = {22},
number = {2},
publisher = {John Wiley & Sons, Ltd},
pages = {67--120},
year = {2012},
}

@article{Emelie10,
title = "A systematic review on regression test selection techniques ",
journal = "Information and Software Technology ",
volume = "52",
number = "1",
pages = "14 â€” 30",
year = "2010",
author = "Emelie Engstr{\"{o}}m and Per Runeson and Mats Skoglund",
}

@inproceedings{Engstrom10b,
author = {Engstr\"{o}m, Emelie and Runeson, Per and Wikstrand, Greger},
title = {An empirical evaluation of regression testing based on fix-cache recommendations},
booktitle = {Proceedings of the 2010 3rd International Conference on Software Testing, Verification and Validation (ICST'10},
year = {2010},
publisher = {IEEE Computer Society},
address = {Washington, DC, USA},
} 

@inproceedings{Wikstrand09, 
author={Wikstrand, G. and Feldt, R. and Gorantla, J.K. and Wang Zhe and White, C.}, 
booktitle={Proceedings of the 2009 International Conference on Software Testing, Verification and Validation (ICST '09)}, 
title={Dynamic regression test selection based on a file cache: An industrial evaluation}, 
year={2009}, 
}

@article{Graves01,
author = {Graves, Todd L. and Harrold, Mary Jean and Kim, Jung-Min and Porter, Adam and Rothermel, Gregg},
title = {An empirical study of regression test selection techniques},
journal = {ACM Transactions on Software Engineering Methodology},
volume = {10},
number = {2},
year = {2001},
pages = {184--208},
publisher = {ACM},
address = {New York, NY, USA},
} 

@article{Harrold99,
author = {Harrold, Mary Jean},
title = {Testing evolving software},
journal = {Journal of Systems and Software},
volume = {47},
number = {2-3},
year = {1999},
pages = {173--181},
publisher = {Elsevier Science Inc.},
address = {New York, NY, USA},
}

@article{Rothermel96,
author = {Rothermel, Gregg and Harrold, Mary Jean},
title = {Analyzing regression test selection techniques},
journal = {IEEE Transactions on Software Engineering},
volume = {22},
number = {8},
year = {1996},
pages = {529--551},
publisher = {IEEE Press},
address = {Piscataway, NJ, USA},
} 

@inproceedings{Yu12, 
author={Lili Yu and Chao Liu and Youchun Zhang}, 
booktitle={Proceedings of the 2012 International Conference on Systems and Informatics (ICSAI'12) }, 
title={A multidimensional classification of safe regression test selection techniques}, 
year={2012}, 
}

@article{Orso04,
 author = {Orso, Alessandro and Shi, Nanjuan and Harrold, Mary Jean},
 title = {Scaling regression testing to large software systems},
 journal = {SIGSOFT Software Engineering Notes},
 volume = {29},
 number = {6},
 year = {2004},
 pages = {241--251},
 publisher = {ACM},
 address = {New York, NY, USA},
} 

@inproceedings{Kim07,
author = {Kim, Sunghun and Zimmermann, Thomas and Whitehead Jr., E. James and Zeller, Andreas},
title = {Predicting faults from cached history},
booktitle = {Proceedings of the 29th International Conference on Software Engineering (ICSE'07},
year = {2007},
publisher = {IEEE Computer Society},
address = {Washington, DC, USA},
} 

@inproceedings{Zhang10,
author = {Zhang, Chen and Chen, Zhenyu and Zhao, Zhihong and Yan, Shali and Zhang, Jinyu and Xu, Baowen},
title = {An improved regression test selection technique by clustering execution profiles},
booktitle = {Proceedings of the 2010 10th International Conference on Quality Software (QSIC'10)},
year = {2010},
publisher = {IEEE Computer Society},
address = {Washington, DC, USA},
} 

@book{Whittaker09,
title={Exploratory software testing: Tips, tricks, tours, and techniques to guide test design},
author={Whittaker, J.A.},
isbn={9780321647856},
year={2009},
publisher={Pearson Education}
}

@article{Cartaxo11,
author = {Cartaxo, Emanuela G. and Machado, Patrícia D. L. and Neto, Francisco G. Oliveira},
title = {On the use of a similarity function for test case selection in the context of model-based testing},
journal = {Software Testing, Verification and Reliability},
volume = {21},
number = {2},
publisher = {John Wiley & Sons, Ltd.},
issn = {1099-1689},
doi = {10.1002/stvr.413},
pages = {75--100},
year = {2011},
}

@inproceedings{Buse10,
author = {Buse, Raymond P.L. and Zimmermann, Thomas},
title = {Analytics for software development},
booktitle = {Proceedings of the FSE/SDP Workshop on Future of Software Engineering Research (FoSER '10)},
year = {2010},
publisher = {ACM},
address = {New York, NY, USA},
} 

